
@book{R-base,
  title = {R: {{A}} Language and Environment for Statistical Computing},
  author = {{R Core Team}},
  year = {2019},
  address = {{Vienna, Austria}},
  organization = {{R Foundation for Statistical Computing}}
}

@book{R-bookdown,
  title = {Bookdown: {{Authoring}} Books and Technical Documents with {{R}} Markdown},
  author = {Xie, Yihui},
  year = {2016},
  publisher = {{Chapman and Hall/CRC}},
  address = {{Boca Raton, Florida}}
}

@book{R-ggplot2,
  title = {Ggplot2: {{Elegant}} Graphics for Data Analysis},
  author = {Wickham, Hadley},
  year = {2016},
  publisher = {{Springer-Verlag New York}},
  isbn = {978-3-319-24277-4}
}

@book{R-knitr,
  title = {Dynamic Documents with {{R}} and Knitr},
  author = {Xie, Yihui},
  year = {2015},
  edition = {Second},
  publisher = {{Chapman and Hall/CRC}},
  address = {{Boca Raton, Florida}}
}

@book{R-papaja,
  title = {{{papaja}}: {{Create APA}} Manuscripts with {{R Markdown}}},
  author = {Aust, Frederik and Barth, Marius},
  year = {2018}
}

@book{R-rmarkdown,
  title = {R Markdown: {{The}} Definitive Guide},
  author = {Xie, Yihui and Allaire, J.J. and Grolemund, Garrett},
  year = {2018},
  publisher = {{Chapman and Hall/CRC}},
  address = {{Boca Raton, Florida}}
}


@Manual{R-here,
  title = {here: A Simpler Way to Find Your Files},
  author = {Kirill MÃ¼ller},
  year = {2020},
  note = {R package version 1.0.1},
  url = {https://CRAN.R-project.org/package=here},
}
@Manual{R-stringr,
  title = {stringr: Simple, Consistent Wrappers for Common String Operations},
  author = {Hadley Wickham},
  year = {2019},
  note = {R package version 1.4.0},
  url = {https://CRAN.R-project.org/package=stringr},
}
@Manual{R-tinylabels,
  title = {{tinylabels}: Lightweight Variable Labels},
  author = {Marius Barth},
  year = {2022},
  note = {R package version 0.2.3},
  url = {https://cran.r-project.org/package=tinylabels},
}
